% This file was created with JabRef 2.10b2.
% Encoding: UTF-8


@book{DBLP:books/sp/HarderR01,
  title     = {{Datenbanksysteme: Konzepte und Techniken der Implementierung}},
  author    = {Theo HÃ¤rder and Erhard Rahm},
  publisher = {Springer},
  year      = {2001},
  bibsource = {DBLP, http://dblp.uni-trier.de},
  isbn      = {3-540-42133-5}
}
